
@inproceedings{RDV13,
	author = {Raemaekers, Steven and Deursen, Arie van and Visser, Joost},
	title = {The Maven Repository Dataset of Metrics, Changes, and Dependencies},
	booktitle = {Proceedings of the 10th Working Conference on Mining Software Repositories},
	series = {MSR '13},
	year = {2013},
	isbn = {978-1-4673-2936-1},
	location = {San Francisco, CA, USA},
	pages = {221--224},
	numpages = {4},
	url = {http://dl.acm.org/citation.cfm?id=2487085.2487129}
}

@inproceedings{MKLGS14,
    Title= "The Bug Catalog of the Maven Ecosystem",
    Author= "Dimitris Mitropoulos and Vassilios Karakoidas and Panos Louridas and Georgios Gousios and Diomidis Spinellis",
    Booktitle= "MSR 2014, The 11th Working Conference on Mining Software Repositories",
    Publisher= "ACM",
    Month = "May",
    Year = 2014,
    Location= "Hyderabad, India"
}